@ARTICLE{cvss, 
author={P. Mell and K. Scarfone and S. Romanosky}, 
journal={IEEE Security Privacy}, 
title={{Common Vulnerability Scoring System}}, 
year={2006}, 
volume={4}, 
number={6}, 
pages={85-89},
month={Nov},}

@electronic{nist1,
	author   = {{National Institute of Standards and Technology}},
	title     = {{National Software Reference Library}},
	url       = {{http://www.nsrl.nist.gov}},
}

@electronic{nist2,
	author   = {{National Institute of Standards and Technology}},
	title     = {{National Vulnerability Database Version 2.2}},
	url       = {{https://nvd.nist.gov/vuln-metrics/cvss/v2-calculator?name=CVE-2007-1001, 2007}},
}

@electronic{ftp,
	author   = {{CVE Database of FTP Vulnerability}},
	title     = {{CVE Details}},
	url       = {{https://www.cvedetails.com/vendor/2/FTP.html}},
}

@electronic{http,
	author   = {{CVE Database of HTTP Vulnerability}},
	title     = {{CVE Details of Apache HTTP Vulnerability}},
	url       = {{https://www.cvedetails.com/vendor/45/Apache.html}},
}

@electronic{ssh,
	author   = {{CVE Database of SSH Vulnerability}},
	title     = {{CVE Details of SSH Vulnerability}},
	url       = {{https://www.cvedetails.com/vendor/120/SSH.html}},
}

@techreport{NAP,
	author    = {{National Academies of Sciences, Engineering, and Medicine}},
	title     = {{Analytic Research Foundations for the Next-Generation Electric Grid}},
	year      = {2016},
	institution = {{The National Academies Press}},
	address   = {Washington, DC},
	pages 	  = {7-31},
}

@INPROCEEDINGS{ref1, 
	author={C. L. Barrett and S. Eubank and C. Y. Evrenosoglu and A. Marathe and M. V. Marathe and A. Phadke and J. Thorp and A. Vullikanti}, 
	booktitle={{International ETG-Congress 2013; Symposium 1: Security in Critical Infrastructures Today}}, 
	title={{Effects of Hypothetical Improvised Nuclear Detonation on the Electrical Infrastructure}}, 
	year={2013}, 
	volume={1}, 
	number={1}, 
	pages={1-7}, 
	month={Nov},}


@article {raissa_2012,
	author = {Brummitt, Charles D. and D{\textquoteright}Souza, Raissa M. and Leicht, Elizabeth A.},
	title = {{Suppressing Cascades of Load in Interdependent Networks}},
	volume = {109},
	number = {12},
	pages = {E680--E689},
	year = {2012},
	month = {Mar},
	journal = {Proceedings of the National Academy of Sciences}
}

@article{stanley_2018,
	title = {{An Approach for Cascading Effects within Critical Infrastructure Systems}},
	journal = {Physica A: Statistical Mechanics and its Applications},
	volume = {510},
	number = {1},
	pages = {164 - 177},
	year = {2018},
	month = {Nov},
	author = {Weiping Wang and Saini Yang and Fuyu Hu and H. Eugene Stanley and Shuai He and Mimi Shi},
}

@ARTICLE{alex2012, 
	author={C. Liu and A. Stefanov and J. Hong and P. Panciatici}, 
	journal={IEEE Power and Energy Magazine}, 
	title={{Intruders in the Grid}}, 
	year={2012}, 
	volume={10}, 
	number={1}, 
	pages={58-66},
	month={Jan},}

@ARTICLE{smart2005, 
	author={S. Massoud Amin and B. F. Wollenberg}, 
	journal={IEEE Power and Energy Magazine}, 
	title={{Toward a Smart Grid: Power Delivery for the 21st Century}}, 
	year={2005}, 
	volume={3}, 
	number={5}, 
	pages={34-41}, 
	month={Sept},}

@ARTICLE{cigre2007, 
	author={CIGRE}, 
	journal={{ELECTRA Tech. Brochure}}, 
	title={{Security for Information Systems and Intranets for Electric Power Systems}}, 
	year={2007}, 
	volume={231}, 
	number={317}, 
	pages={70-81}, 
	month={Apr},}

@INPROCEEDINGS{iec61850, 
	author={R. E. Mackiewicz}, 
	booktitle={{2006 IEEE PES Power Systems Conference and Exposition}}, 
	title={{Overview of IEC 61850 and Benefits}}, 
	year={2006},
	pages={623-630}, 
	month={Oct},}

@ARTICLE{wang1, 
	author={L. Wang and S. Jajodia and A. Singhal and P. Cheng and S. Noel}, 
	journal={IEEE Transactions on Dependable and Secure Computing}, 
	title={{k-Zero Day Safety: A Network Security Metric for Measuring the Risk of Unknown Vulnerabilities}}, 
	year={2014}, 
	volume={11}, 
	number={1}, 
	pages={30-44},
	month={Jan},}

@ARTICLE{ten_main, 
	author={Y. Zhang and L. Wang and Y. Xiang and C. Ten}, 
	journal={IEEE Transactions on Smart Grid}, 
	title={{Power System Reliability Evaluation With SCADA Cybersecurity Considerations}}, 
	year={2015}, 
	volume={6}, 
	number={4}, 
	pages={1707-1721},
	month={July},}

@INPROCEEDINGS{attack, 
	author={J. Stamp and A. McIntyre and B. Ricardson}, 
	booktitle={2009 IEEE/PES Power Systems Conference and Exposition}, 
	title={{Reliability Impacts from Cyber Attack on Electric Power Systems}}, 
	year={2009}, 
	pages={1-8}, 
	month={March},}

@ARTICLE{ukraine1, 
	author={T. Pultarova}, 
	journal={Engineering Technology}, 
	title={{Cyber Security - Ukraine Grid Hack is Wake-up Call for Network Operators [News Briefing]}}, 
	year={2016}, 
	volume={11}, 
	number={1}, 
	pages={12-13}, 
	month={Feb},}

@INPROCEEDINGS{ukraine2, 
	author={A. C. K. Gary and U. N. Prananto}, 
	booktitle={{2017 Asian Conference on Energy, Power and Transportation Electrification (ACEPT)}}, 
	title={{Cyber Security in the Energy World}}, 
	year={2017}, 
	pages={1-5},
	month={Oct},}

@ARTICLE{maninmiddle, 
	author={R. Liu and C. Vellaithurai and S. S. Biswas and T. T. Gamage and A. K. Srivastava}, 
	journal={IEEE Transactions on Smart Grid}, 
	title={{Analyzing the Cyber-Physical Impact of Cyber Events on the Power Grid}}, 
	year={2015}, 
	volume={6}, 
	number={5}, 
	pages={2444-2453}, 
	month={Sept},}

@ARTICLE{petrinet1, 
	author={C. Ten and C. Liu and G. Manimaran}, 
	journal={IEEE Transactions on Power Systems}, 
	title={{Vulnerability Assessment of Cybersecurity for SCADA Systems}}, 
	year={2008}, 
	volume={23}, 
	number={4}, 
	pages={1836-1846}, 
	month={Nov},}

@ARTICLE{petrinet2, 
	author={T. M. Chen and J. C. Sanchez-Aarnoutse and J. Buford}, 
	journal={IEEE Transactions on Smart Grid}, 
	title={{Petri Net Modeling of Cyber-Physical Attacks on Smart Grid}}, 
	year={2011}, 
	volume={2}, 
	number={4}, 
	pages={741-749}, 
	month={Dec},}

@incollection{Sridhar2012,
	author={S. Sridhar	and M. Govindarasu	and C. Liu},
	editor={A. Chakrabortty and M. D. Ili{\'{c}}},
	title={{Risk Analysis of Coordinated Cyber Attacks on Power Grid}},
	bookTitle={{Control and Optimization Methods for Electric Smart Grids}},
	year={2012},
	edition={1},
	publisher={Springer New York},
	address={New York, NY},
	pages={275--294},
}

@article{alex1,
	author = {J. Xie and A. Stefanov and C. Liu},
	title = {{Physical and Cyber Security in a Smart Grid Environment}},
	journal = {Wiley Interdisciplinary Reviews: Energy and Environment},
	volume = {5},
	number = {5},
	pages = {519-542},
	year = {2016},
	month = {Mar},
}

@article{alex2,
	author = {A. Stefanov and C. Liu and M. Govindarasu and S. Wu},
	title = {{SCADA Modeling for Performance and Vulnerability Assessment of Integrated Cyberâ€“physical Systems}},
	journal = {International Transactions on Electrical Energy Systems},
	volume = {25},
	number = {3},
	pages = {498-519},
	year = {2013},
	month = {Dec},
}

@INPROCEEDINGS{alex3, 
	author={A. Stefanov and C. Liu}, 
	booktitle={2012 3rd IEEE PES Innovative Smart Grid Technologies Europe (ISGT Europe)}, 
	title={{ICT Modeling for Integrated Simulation of Cyber-Physical Power Systems}}, 
	year={2012},
	pages={1-8}, 
	month={Oct},}

@incollection{mcqueen,
	author= {M. A. McQueen and W. F. Boyer and M. A. Flynn and A. G. Beitel},
	editor={D. Gollmann and F. Massacci and A. Yautsiukhin},
	title={{Time-to-Compromise Model for Cyber Risk Reduction Estimation}},
	booktitle={{Quality of Protection: Advances in Information Security}},
	year={{2006}},
	edition = {1},
	publisher={{Springer US}},
	address={{Boston, MA}},
	pages={49-64},
}



